<record><leader>00000cas a22000007a 4500</leader><controlfield tag="001">10886700</controlfield><controlfield tag="008">840626d18691896vauwr ne      0    0eng d</controlfield><datafield ind1=" " ind2=" " tag="010"><subfield code="a">sn 84025985 </subfield></datafield><datafield ind1=" " ind2=" " tag="040"><subfield code="a">NPV</subfield><subfield code="b">eng</subfield><subfield code="c">NPV</subfield><subfield code="d">NPX</subfield><subfield code="d">NPU</subfield><subfield code="d">MGN</subfield><subfield code="d">NVK</subfield><subfield code="d">OCL</subfield><subfield code="d">OCLCQ</subfield><subfield code="d">OCLCF</subfield><subfield code="d">OCLCO</subfield></datafield><datafield ind1="1" ind2=" " tag="029"><subfield code="a">AU@</subfield><subfield code="b">000020120282</subfield></datafield><datafield ind1=" " ind2=" " tag="042"><subfield code="a">msc</subfield></datafield><datafield ind1=" " ind2=" " tag="043"><subfield code="a">n-us-va</subfield></datafield><datafield ind1="0" ind2=" " tag="130"><subfield code="a">Manassas gazette (Manassas, Va. : 1869 : Weekly)</subfield></datafield><datafield ind1="1" ind2="4" tag="245"><subfield code="a">The Manassas gazette.</subfield></datafield><datafield ind1=" " ind2=" " tag="260"><subfield code="a">Manassas, Va. :</subfield><subfield code="b">[D.W. Whiting]</subfield></datafield><datafield ind1=" " ind2=" " tag="300"><subfield code="a">v. ;</subfield><subfield code="c">55 cm.</subfield></datafield><datafield ind1=" " ind2=" " tag="310"><subfield code="a">Weekly</subfield></datafield><datafield ind1="1" ind2=" " tag="362"><subfield code="a">Began in Mar. 1869? Ceased July 10, 1896. Cf. Cappon, L.J. Va. newspapers.</subfield></datafield><datafield ind1=" " ind2=" " tag="500"><subfield code="a">Democratic. Cf. Cappon, L.J. Va. newspapers.</subfield></datafield><datafield ind1=" " ind2=" " tag="500"><subfield code="a">Editor: D.W. Whiting, &lt;1873&gt;; Wm. E. Lipscomb, &lt;1876&gt;; J.J. Davies, &lt;1876&gt;-1877; Lipscomb &amp; J.J. Davies, 1877-1885, W.W. &amp; R.E. Thornton, 1885-1887; W.W. Thornton, 1887-1888, 1890; Maddox &amp; Larkins, 1888-1889; L.A. Larkins, Jr., 1889-1890; T.H. &amp; G.J. Lion, 1890-1893; G.J. Lion, 1893-1896; W.H.W. Moran, 1896. Cf. Cappon, L.J. Va. newspapers, 1821-1935.</subfield></datafield><datafield ind1=" " ind2=" " tag="500"><subfield code="a">Publisher varies: Wm. E. Lipscomb, &lt;1877&gt;.</subfield></datafield><datafield ind1=" " ind2=" " tag="580"><subfield code="a">Absorbed by: Manassas journal. Cf. Cappon, L.J. Va. newspapers, 1821-1935.</subfield></datafield><datafield ind1=" " ind2=" " tag="588"><subfield code="a">Description based on: Vol. 5, no. 2 (Mar. 29, 1873).</subfield></datafield><datafield ind1=" " ind2=" " tag="588"><subfield code="a">Latest issue consulted: Vol. 28, no. 28 (July 10, 1896).</subfield></datafield><datafield ind1=" " ind2="0" tag="651"><subfield code="a">Manassas (Va.)</subfield><subfield code="v">Newspapers.</subfield></datafield><datafield ind1=" " ind2="7" tag="655"><subfield code="a">Newspapers.</subfield><subfield code="2">fast</subfield><subfield code="0">(OCoLC)fst01423814</subfield></datafield><datafield ind1=" " ind2="7" tag="651"><subfield code="a">Virginia</subfield><subfield code="z">Manassas.</subfield><subfield code="2">fast</subfield><subfield code="0">(OCoLC)fst01214877</subfield></datafield><datafield ind1=" " ind2=" " tag="752"><subfield code="a">United States</subfield><subfield code="b">Virginia</subfield><subfield code="c">Prince William</subfield><subfield code="d">Manassas.</subfield></datafield><datafield ind1="1" ind2="4" tag="785"><subfield code="t">Manassas journal</subfield><subfield code="w">(DLC)sn 87080629</subfield></datafield></record>